@book{pupeikis2003identification,
  title={Identification of Wiener systems with hard and discontinuous nonlinearities},
  author={Pupeikis, Rimantas and Navakauskas, Dalius and Ljung, Lennart},
  year={2003},
  publisher={Link{\"o}ping University Electronic Press}
}